@misc{AM8192,
  author = "RLS merilna tehnika d.o.o.",
  title = "AM8192B – angular magnetic sensor chip",
  howpublished = "Dosegljivo: \url{https://www.rls.si/en/fileuploader/download/download/?d=0&file=custom\%2Fupload\%2FData-sheet-AM8192B-chip.pdf}",
  note = "[Dostopano: 28. 4. 2017]"
}
@book{killer,
  title={Diplomska naloga: napotki za izdelavo},
  author={Ju{\v{z}}ni{\v{c}}, Stane and Marki{\v{c}}, Bo{\v{s}}tjan and Ju{\v{z}}ni{\v{c}}, Primo{\v{z}}},
  year={1992},
  publisher={Zalo�ba Amalietti \& Amalietti},
  address = {Ljubljana}
}
@book{Matematika1,
  title={Ne najkraj�i uvod v LaTeX $2\varepsilon$, {The not so short introduction to {LaTeX} 2$\varepsilon$}},
  author={Oetiker, Tobias and Partl, Hubert and Hyna, Irene and Schlegl, Elisabeth},
  translator={Plestenjak, Bor},
  publisher={Elektronska verzija dostopna na http://www-lp.fmf.uni-lj.si/plestenjak/vaje/latex/lshort.pdf},
  note={Bor Plestenjak, Slovenski prevod in priredba},
  year={2006}
}
@misc{atan2Matlab,
  author = "MathWorks",
  title = "{MathWorks Documentation matlab functions atan2d [Online]}",
  howpublished = "Dosegljivo: \url{https://www.mathworks.com/help/matlab/ref/atan2d.html}",
  note = "[Dostopano: 27. 2. 2018]"
}
@misc{atan2dMatlab,
  author = "MathWorks",
  title = "{MathWorks Documentation matlab functions atan2d [Online]}",
  howpublished = "Dosegljivo: \url{https://www.mathworks.com/help/matlab/ref/atan2d.html}",
  note = "[Dostopano: 27. 2. 2018]"
}
@book{fourierova_vrsta,
  title={Ne najkraj�i uvod v LaTeX $2\varepsilon$, {The not so short introduction to {LaTeX} 2$\varepsilon$}},
  author={Oetiker, Tobias and Partl, Hubert and Hyna, Irene and Schlegl, Elisabeth},
  translator={Plestenjak, Bor},
  publisher={Elektronska verzija dostopna na http://www-lp.fmf.uni-lj.si/plestenjak/vaje/latex/lshort.pdf},
  note={Bor Plestenjak, Slovenski prevod in priredba},
  year={2006}
}
@misc{matlab_fft,
  author = "MathWorks",
  title = "{MathWorks Documentation matlab functions atan2d [Online]}",
  howpublished = "Dosegljivo: \url{https://www.mathworks.com/help/matlab/ref/atan2d.html}",
  note = "[Dostopano: 27. 2. 2018]"
}
@misc{RM44,
  author = "RLS merilna tehnika d.o.o.",
  title = "AM8192B – angular magnetic sensor chip",
  howpublished = "Dosegljivo: \url{https://www.rls.si/en/fileuploader/download/download/?d=0&file=custom\%2Fupload\%2FData-sheet-AM8192B-chip.pdf}",
  note = "[Dostopano: 28. 4. 2017]"
}
@misc{iCMHM,
  author = "RLS merilna tehnika d.o.o.",
  title = "AM8192B – angular magnetic sensor chip",
  howpublished = "Dosegljivo: \url{https://www.rls.si/en/fileuploader/download/download/?d=0&file=custom\%2Fupload\%2FData-sheet-AM8192B-chip.pdf}",
  note = "[Dostopano: 28. 4. 2017]"
}
